<record><leader>00000cas a22000007a 4500</leader><controlfield tag="001">14557825</controlfield><controlfield tag="008">861028d18991899inudn ne      0    0eng d</controlfield><datafield ind1=" " ind2=" " tag="010"><subfield code="a">sn 86058892 </subfield></datafield><datafield ind1=" " ind2=" " tag="040"><subfield code="a">NPI</subfield><subfield code="b">eng</subfield><subfield code="c">NPI</subfield><subfield code="d">OCLCQ</subfield></datafield><datafield ind1=" " ind2=" " tag="042"><subfield code="a">msc</subfield></datafield><datafield ind1="0" ind2=" " tag="130"><subfield code="a">Princeton clarion-leader (Princeton, Ind. : Daily)</subfield></datafield><datafield ind1="1" ind2="0" tag="245"><subfield code="a">Princeton clarion-leader.</subfield></datafield><datafield ind1=" " ind2=" " tag="260"><subfield code="a">Princeton, Ind. :</subfield><subfield code="b">Gil R. Stormont,</subfield><subfield code="c">1899.</subfield></datafield><datafield ind1=" " ind2=" " tag="300"><subfield code="a">1 v. :</subfield><subfield code="b">ill.</subfield></datafield><datafield ind1=" " ind2=" " tag="310"><subfield code="a">Daily (except Sun.)</subfield></datafield><datafield ind1="0" ind2=" " tag="362"><subfield code="a">Vol. 2, no. 178 (Mar. 20, 1899)-v. 2, no. 280 (July 17, 1899).</subfield></datafield><datafield ind1=" " ind2=" " tag="752"><subfield code="a">United States</subfield><subfield code="b">Indiana</subfield><subfield code="c">Gibson</subfield><subfield code="d">Princeton.</subfield></datafield><datafield ind1="0" ind2=" " tag="775"><subfield code="t">Princeton clarion-leader (Princeton, Ind. : Weekly)</subfield><subfield code="w">(DLC)sn 86058817</subfield></datafield><datafield ind1="0" ind2="4" tag="780"><subfield code="t">Princeton daily clarion (Princeton, Ind. : 1897)</subfield><subfield code="w">(DLC)sn 86058818</subfield></datafield><datafield ind1="0" ind2="4" tag="780"><subfield code="t">Princeton evening leader</subfield></datafield><datafield ind1="0" ind2="0" tag="785"><subfield code="t">Daily clarion-leader</subfield><subfield code="w">(DLC)sn 86058939</subfield></datafield></record>